@electronic{cudapg,
  organization        = "Nvidia Corporation",
  title         = "{NVIDIA CUDA Programming Guide Version 2.3}",
  url           = "http://www.nvidia.de/object/cuda_develop_emeai.html",
  year          = "2009"
}


@electronic{cublas,
  organization        = "Nvidia Corporation",
  title         = "{CUDA CUBLAS  in  CUDA Toolkit v2.3}",
  url           = "http://www.nvidia.de/object/cuda_develop_emeai.html",
  year          = "2009"
}

@electronic{cudbp,
  organization        = "Nvidia Corporation",
  title         = "{NVIDIA CUDA C Programming Best Practices Guide}",
  url           = "http://www.nvidia.de/object/cuda_develop_emeai.html",
  year          = "2009"
}

@electronic{cudabp,
  organization        = "Nvidia Corporation",
  title         = "{NVIDIA CUDA C Programming Best Practices Guide}",
  url           = "http://www.nvidia.de/object/cuda_develop_emeai.html",
  year          = "2009"
}

@electronic{matlabsparse,
  organization        = "The Math works",
  title         = "Matlab data",
  url           = "http://www.mathworks.com/access/helpdesk/help/techdoc/matlab_external/f21585.html",
  year          = "2009"
}

@electronic{reduction,
  organization        = "Nvidia Corporation",
  author        = "Mark Harris",
  title         = "{Optimizing Parallel Reduction in CUDA}",
  url           = "http://developer.download.nvidia.com/compute/cuda/1_1/Website/projects/reduction/doc/reduction.pdf",
  year          = "2009"
}

@electronic{mex,

  author        = "Jason Laska.",
  title         = "{Writing C Functions in MATLAB (MEX-Files)}",
  url           = "http://cnx.org/content/m12348/latest/",
  year          = "2004"
}

@book{sedgewick,
  author        = "Robert Sedgewick",
  title         = "Algorithmen in {C}",
  publisher     = "Addison-Wesley",

  year          = "1992"
}


@book{entwurfsmuster,
  author        = "Erich Gamma and Richard Helm and Ralph E. Johnson and John Vlissides",
  title         = "Design Patterns. Elements of Reusable Object-Oriented Software. ",
  publisher     = "Addison-Wesley",

  year          = "1995"
}

@incollection{oracle,
  author        = "Mogens Norgaard",
  title         = "You probably dont't tune right",
  booktitle     = "Oracle Insights: Tales of the Oak Table",

  publisher     = "Apress",
  address       = "New York",
  year          = "2004",
  chapter       = "2",
  pages         = "71-94"
}


@article{idrs,
  author        = "Peter Sonneveld and Martin B. van Gijzen",
  title         = "{IDR(s): a family of simple and fast algorithms for solving large nonsymmetric linear systems}",
  journal       = "SIAM J. Sci. Comput",
  volume        = "31",
  number        = "2",
  year          = "2008",
  pages         = "1035-1062",
  url           = "http://ta.twi.tudelft.nl/nw/users/gijzen/idrs_siam.pdf"
}

@article{Sh:1,
author = {Shelah, Saharon},
ams-subject = {(02.50)},
journal = {Israel Journal of Mathematics},
review = {MR 40-7102},
pages = {187--202},
title = {Stable theories},
volume = {7},
year = {1969},
},